@misc{LinearCP,
  author = {Neeraj Kumar},
  title = {Linear-time Randomized Closest Pair},
  year = {2016},
  note = {Last accessed 22 January 2022},
  url = {https://sites.cs.ucsb.edu/~neeraj/theory-meetup//uploads/linear-time-cp.pdf}
}

@book{10.5555/1822796,
author = {Aigner, Martin and Ziegler, GÃ¼nter M.},
title = {Proofs from THE BOOK},
year = {2018},
isbn = {3662572641},
publisher = {Springer, Berlin, Heidelberg},
edition = {6th},
}

@book{Economics,
author = {Acemoglu, Daron and Laibson, David and List, John},
title = {Economics, Global Edition},
year = {2015},
isbn = {9781292079202},
publisher = {Pearson Education}
}